@article{murray_machine_2020,
	title = {Machine {Learning} and {Pattern} {Recognition} {Class} {Notes}},
	volume = {University of Edinburgh},
	journal = {INFR11130},
	author = {Murray, Ian and Onken, Arno} 
	year = {2020},
}

@article{arno_data_2020,
	title = {Data {Mining} and {Exploration} {Class} {Notes}},
	volume = {University of Edinburgh},
	journal = {INFR11007},
	author = {Gutmann, Michael and Onken, Arno} 
	year = {2021},
}

@article{varian2014big,
  title={Big data: New tricks for econometrics},
  author={Varian, Hal R},
  journal={Journal of Economic Perspectives},
  volume={28},
  number={2},
  pages={3--28},
  year={2014},
}